<record><leader>00000cas a2200000 a 4500</leader><controlfield tag="001">13084988</controlfield><controlfield tag="008">860130d18951897inudn ne      0    0eng c</controlfield><datafield ind1=" " ind2=" " tag="010"><subfield code="a">sn 86058222 </subfield></datafield><datafield ind1=" " ind2=" " tag="040"><subfield code="a">NPI</subfield><subfield code="b">eng</subfield><subfield code="c">NPI</subfield><subfield code="d">CUI</subfield><subfield code="d">OCLCQ</subfield><subfield code="d">OCLCF</subfield></datafield><datafield ind1=" " ind2=" " tag="042"><subfield code="a">pcc</subfield></datafield><datafield ind1=" " ind2=" " tag="043"><subfield code="a">n-us-in</subfield></datafield><datafield ind1=" " ind2="4" tag="050"><subfield code="a">AN</subfield></datafield><datafield ind1="0" ind2=" " tag="130"><subfield code="a">Richmond daily telegram (Richmond, Ind. : 1895)</subfield></datafield><datafield ind1="1" ind2="4" tag="245"><subfield code="a">The Richmond daily telegram.</subfield></datafield><datafield ind1=" " ind2=" " tag="260"><subfield code="a">Richmond, Ind. :</subfield><subfield code="b">Garver Bros.,</subfield><subfield code="c">1895-</subfield></datafield><datafield ind1=" " ind2=" " tag="300"><subfield code="a">v. :</subfield><subfield code="b">ill. (chiefly advertisements) ;</subfield><subfield code="c">59 cm.</subfield></datafield><datafield ind1=" " ind2=" " tag="310"><subfield code="a">Daily (except Sun. and Mon.),</subfield><subfield code="b">&lt;Jan. 10, 1897-May 8, 1897&gt;</subfield></datafield><datafield ind1=" " ind2=" " tag="321"><subfield code="a">Frequency varies,</subfield><subfield code="b">July 17, 1895-Jan. 8, 1897</subfield></datafield><datafield ind1="0" ind2=" " tag="362"><subfield code="a">Vol. 26, no. 165 (July 17, 1895)-</subfield></datafield><datafield ind1="1" ind2=" " tag="362"><subfield code="a">Ceased in May 1897.</subfield></datafield><datafield ind1=" " ind2="0" tag="651"><subfield code="a">Richmond (Ind.)</subfield><subfield code="v">Newspapers.</subfield></datafield><datafield ind1=" " ind2="0" tag="651"><subfield code="a">Wayne County (Ind.)</subfield><subfield code="v">Newspapers.</subfield></datafield><datafield ind1=" " ind2="7" tag="655"><subfield code="a">Newspapers.</subfield><subfield code="2">fast</subfield><subfield code="0">(OCoLC)fst01423814</subfield></datafield><datafield ind1=" " ind2="7" tag="651"><subfield code="a">Indiana</subfield><subfield code="z">Richmond.</subfield><subfield code="2">fast</subfield><subfield code="0">(OCoLC)fst01205951</subfield></datafield><datafield ind1=" " ind2="7" tag="651"><subfield code="a">Indiana</subfield><subfield code="z">Wayne County.</subfield><subfield code="2">fast</subfield><subfield code="0">(OCoLC)fst01218729</subfield></datafield><datafield ind1=" " ind2=" " tag="752"><subfield code="a">United States</subfield><subfield code="b">Indiana</subfield><subfield code="c">Wayne</subfield><subfield code="d">Richmond.</subfield></datafield><datafield ind1="0" ind2="0" tag="780"><subfield code="t">Richmond independent telegram</subfield><subfield code="w">(DLC)sn 87056083</subfield><subfield code="w">(OCoLC)15534404</subfield></datafield><datafield ind1="0" ind2="7" tag="785"><subfield code="t">Daily sun (Richmond, Ind.)</subfield><subfield code="w">(DLC)sn 86058752</subfield><subfield code="w">(OCoLC)14038768</subfield></datafield><datafield ind1="0" ind2="7" tag="785"><subfield code="t">Daily sun-telegram (Richmond, Ind. : 1897)</subfield><subfield code="w">(DLC)sn 86058223</subfield><subfield code="w">(OCoLC)13085011</subfield></datafield></record>